<record><leader>01856cam a22004338i 4500</leader><controlfield tag="001">6861511</controlfield><controlfield tag="003">OCoLC</controlfield><controlfield tag="005">20141108071828.3</controlfield><controlfield tag="008">141029s2015    cau      b    001 0 eng c</controlfield><datafield ind1=" " ind2=" " tag="010"><subfield code="a">  2014042786</subfield></datafield><datafield ind1=" " ind2=" " tag="020"><subfield code="a">9780804794220 (pbk. : alk. paper)</subfield></datafield><datafield ind1=" " ind2=" " tag="020"><subfield code="a">0804794227 (pbk. : alk. paper)</subfield></datafield><datafield ind1=" " ind2=" " tag="035"><subfield code="a">ocn894149555</subfield></datafield><datafield ind1=" " ind2=" " tag="039"><subfield code="a">exclude</subfield></datafield><datafield ind1=" " ind2=" " tag="040"><subfield code="a">CSt/DLC</subfield><subfield code="b">eng</subfield><subfield code="e">rda</subfield><subfield code="c">STF</subfield><subfield code="d">DLC</subfield><subfield code="d">OCLCO</subfield><subfield code="d">BDX</subfield><subfield code="d">YDXCP</subfield><subfield code="d">AEU</subfield></datafield><datafield ind1=" " ind2=" " tag="042"><subfield code="a">pcc</subfield></datafield><datafield ind1=" " ind2=" " tag="043"><subfield code="a">n-us---</subfield></datafield><datafield ind1="0" ind2="0" tag="050"><subfield code="a">QC903.2.U6</subfield><subfield code="b">H64 2015</subfield></datafield><datafield ind1="0" ind2="0" tag="082"><subfield code="a">304.2/50973</subfield><subfield code="2">23</subfield></datafield><datafield ind1=" " ind2=" " tag="090"><subfield code="a">QC 903.2 U6 H64 2015</subfield><subfield code="b">ARDC</subfield></datafield><datafield ind1=" " ind2=" " tag="090"><subfield code="a">QC 903.2 U6 H64 2015</subfield><subfield code="b">AEKC</subfield></datafield><datafield ind1="1" ind2=" " tag="100"><subfield code="a">Hoffman, Andrew J.,</subfield><subfield code="d">1961-</subfield><subfield code="e">author.</subfield></datafield><datafield ind1="1" ind2="0" tag="245"><subfield code="a">How culture shapes the climate change debate /</subfield><subfield code="c">Andrew J. Hoffman.</subfield></datafield><datafield ind1=" " ind2="1" tag="264"><subfield code="a">Stanford, California :</subfield><subfield code="b">Stanford Briefs, an imprint of Stanford University Press,</subfield><subfield code="c">[2015]</subfield></datafield><datafield ind1=" " ind2=" " tag="300"><subfield code="a">ix, 110 pages ;</subfield><subfield code="c">21 cm</subfield></datafield><datafield ind1=" " ind2=" " tag="336"><subfield code="a">text</subfield><subfield code="2">rdacontent</subfield></datafield><datafield ind1=" " ind2=" " tag="337"><subfield code="a">unmediated</subfield><subfield code="2">rdamedia</subfield></datafield><datafield ind1=" " ind2=" " tag="338"><subfield code="a">volume</subfield><subfield code="2">rdacarrier</subfield></datafield><datafield ind1=" " ind2=" " tag="504"><subfield code="a">Includes bibliographical references (pages 91-110)</subfield></datafield><datafield ind1="0" ind2=" " tag="505"><subfield code="a">A cultural schism -- Social psychology and the climate change debate -- Sources of organized resistance -- Bridging the cultural schism -- Historical analogies for cultural change -- The full scope.</subfield></datafield><datafield ind1=" " ind2=" " tag="596"><subfield code="a">31 35</subfield></datafield><datafield ind1=" " ind2="0" tag="650"><subfield code="a">Climatic changes</subfield><subfield code="z">United States</subfield><subfield code="x">Public opinion.</subfield></datafield><datafield ind1=" " ind2="0" tag="650"><subfield code="a">Science</subfield><subfield code="z">United States</subfield><subfield code="x">Public opinion.</subfield></datafield><datafield ind1=" " ind2="0" tag="650"><subfield code="a">Political culture</subfield><subfield code="z">United States.</subfield></datafield><datafield ind1=" " ind2="0" tag="650"><subfield code="a">Social psychology</subfield><subfield code="z">United States.</subfield></datafield><datafield ind1=" " ind2="0" tag="650"><subfield code="a">Public opinion</subfield><subfield code="z">United States.</subfield></datafield><datafield ind1=" " ind2=" " tag="949"><subfield code="i">3197900600348</subfield><subfield code="h">SKING-RF-B</subfield><subfield code="l">ON_SHELF</subfield></datafield><datafield ind1=" " ind2=" " tag="926"><subfield code="a">QC 903.2 U6 H64 2015</subfield><subfield code="w">LC</subfield><subfield code="c">1</subfield><subfield code="i">3197900600348</subfield><subfield code="d">5/13/2016</subfield><subfield code="e">4/20/2015</subfield><subfield code="l">ON_SHELF</subfield><subfield code="m">KINGS</subfield><subfield code="n">25</subfield><subfield code="r">Y</subfield><subfield code="s">Y</subfield><subfield code="t">BOOK</subfield><subfield code="u">3/11/2015</subfield></datafield><datafield ind1=" " ind2=" " tag="926"><subfield code="a">QC 903.2 U6 H64 2015</subfield><subfield code="w">LC</subfield><subfield code="c">1</subfield><subfield code="i">30125302471189</subfield><subfield code="d">11/7/2016</subfield><subfield code="e">10/23/2016</subfield><subfield code="l">FLOOR_2</subfield><subfield code="m">RED_DEER_C</subfield><subfield code="n">4</subfield><subfield code="r">Y</subfield><subfield code="s">Y</subfield><subfield code="t">BOOK</subfield><subfield code="u">10/6/2015</subfield></datafield></record>